@article{gaj2013zfn,
  title={ZFN, TALEN, and CRISPR/Cas-based methods for genome engineering},
  author={Gaj, Thomas and Gersbach, Charles A and Barbas III, Carlos F},
  journal={Trends in biotechnology},
  volume={31},
  number={7},
  pages={397--405},
  year={2013},
  publisher={Elsevier},
  doi={10.1016/j.tibtech.2013.04.004}
}

@article{doudna2014new,
  title={The new frontier of genome engineering with CRISPR-Cas9},
  author={Doudna, Jennifer A and Charpentier, Emmanuelle},
  journal={Science},
  volume={346},
  number={6213},
  pages={1258096},
  year={2014},
  publisher={American Association for the Advancement of Science}
}

@article{liu2019casx,
  title={CasX enzymes comprise a distinct family of RNA-guided genome editors},
  author={Liu, Jun-Jie and Orlova, Natalia and Oakes, Benjamin L and Ma, Enbo and Spinner, Hannah B and Baney, Katherine LM and Chuck, Jonathan and Tan, Dan and Knott, Gavin J and Harrington, Lucas B and others},
  journal={Nature},
  volume={566},
  number={7743},
  pages={218--223},
  year={2019},
  publisher={Nature Publishing Group UK London}
}

@article{hsu2014development,
  title={Development and applications of CRISPR-Cas9 for genome engineering},
  author={Hsu, Patrick D and Lander, Eric S and Zhang, Feng},
  journal={Cell},
  volume={157},
  number={6},
  pages={1262--1278},
  year={2014},
  publisher={Elsevier}
}

@article{van2020delivery,
  title={The delivery challenge: fulfilling the promise of therapeutic genome editing},
  author={van Haasteren, Joost and Li, Jie and Scheideler, Olivia J and Murthy, Niren and Schaffer, David V},
  journal={Nature biotechnology},
  volume={38},
  number={7},
  pages={845--855},
  year={2020},
  publisher={Nature Publishing Group US New York}
}

@article{guell2014genome,
  title={Genome editing assessment using CRISPR Genome Analyzer (CRISPR-GA)},
  author={G{\"u}ell, Marc and Yang, Luhan and Church, George M},
  journal={Bioinformatics},
  volume={30},
  number={20},
  pages={2968--2970},
  year={2014},
  publisher={Oxford University Press}
}

@article{paten2017genome,
  title={Genome graphs and the evolution of genome inference},
  author={Paten, Benedict and Novak, Adam M and Eizenga, Jordan M and Garrison, Erik},
  journal={Genome research},
  volume={27},
  number={5},
  pages={665--676},
  year={2017},
  publisher={Cold Spring Harbor Lab}
}

@article{garrison2018variation,
  title={Variation graph toolkit improves read mapping by representing genetic variation in the reference},
  author={Garrison, Erik and Sir{\'e}n, Jouni and Novak, Adam M and Hickey, Glenn and Eizenga, Jordan M and Dawson, Eric T and Jones, William and Garg, Shilpa and Markello, Charles and Lin, Michael F and others},
  journal={Nature biotechnology},
  volume={36},
  number={9},
  pages={875--879},
  year={2018},
  publisher={Nature Publishing Group US New York}
}

@article{eggertsson2017graphtyper,
  title={Graphtyper enables population-scale genotyping using pangenome graphs},
  author={Eggertsson, Hannes P and Jonsson, Hakon and Kristmundsdottir, Snaedis and Hjartarson, Eirikur and Kehr, Birte and Masson, Gisli and Zink, Florian and Hjorleifsson, Kristjan E and Jonasdottir, Aslaug and Jonasdottir, Adalbjorg and others},
  journal={Nature genetics},
  volume={49},
  number={11},
  pages={1654--1660},
  year={2017},
  publisher={Nature Publishing Group US New York}
}

@article{rakocevic2019fast,
  title={Fast and accurate genomic analyses using genome graphs},
  author={Rakocevic, Goran and Semenyuk, Vladimir and Lee, Wan-Ping and Spencer, James and Browning, John and Johnson, Ivan J and Arsenijevic, Vladan and Nadj, Jelena and Ghose, Kaushik and Suciu, Maria C and others},
  journal={Nature genetics},
  volume={51},
  number={2},
  pages={354--362},
  year={2019},
  publisher={Nature Publishing Group US New York}
}



@article{guarracino2022odgi,
  title={ODGI: understanding pangenome graphs},
  author={Guarracino, Andrea and Heumos, Simon and Nahnsen, Sven and Prins, Pjotr and Garrison, Erik},
  journal={Bioinformatics},
  volume={38},
  number={13},
  pages={3319--3326},
  year={2022},
  publisher={Oxford University Press}
}

@article{li2018minimap2,
  title={Minimap2: pairwise alignment for nucleotide sequences},
  author={Li, Heng},
  journal={Bioinformatics},
  volume={34},
  number={18},
  pages={3094--3100},
  year={2018},
  publisher={Oxford University Press}
}

@article{huang2013short,
  title={Short read alignment with populations of genomes},
  author={Huang, Lin and Popic, Victoria and Batzoglou, Serafim},
  journal={Bioinformatics},
  volume={29},
  number={13},
  pages={i361--i370},
  year={2013},
  publisher={Oxford University Press}
}

@article{mun2021leviosam,
  title={LevioSAM: fast lift-over of variant-aware reference alignments},
  author={Mun, Taher and Chen, Nae-Chyun and Langmead, Ben},
  journal={Bioinformatics},
  volume={37},
  number={22},
  pages={4243--4245},
  year={2021},
  publisher={Oxford University Press}
}

@article{garrison2023unbiased,
  title={Unbiased pangenome graphs},
  author={Garrison, Erik and Guarracino, Andrea},
  journal={Bioinformatics},
  volume={39},
  number={1},
  pages={btac743},
  year={2023},
  publisher={Oxford University Press}
}

@article{Martiniano_2020,
	doi = {10.1186/s13059-020-02160-7},
	url = {https://doi.org/10.1186\%2Fs13059-020-02160-7},
	year = 2020,
	month = {sep},
	publisher = {Springer Science and Business Media {LLC}},
	volume = {21},
	number = {1},
	author = {Rui Martiniano and Erik Garrison and Eppie R. Jones and Andrea Manica and Richard Durbin},
	title = {Removing reference bias and improving indel calling in ancient {DNA} data analysis by mapping to a sequence variation graph},
	journal = {Genome Biol}
}

@misc{gander2021simultaneous,
  title={Simultaneous multiplex genome editing in yeast},
  author={Gander, Miles and Tian, Tian and Stefani, Skylar},
  year={2021},
  month=jun # "~15",
  publisher={Google Patents},
  note={US Patent 11,034,945}
}

@misc{ncbis288c2023,
  title = {{Saccharomyces cerevisiae} S288c (GCF\_000146045.2)},
  author = {{Saccharomyces cerevisiae} S288c (GCF\_000146045.2)},
  organization = {National Center for Biotechnology Information},
  year = {2023},
  howpublished = {\url{https://www.ncbi.nlm.nih.gov/datasets/genome/GCF_000146045.2/}},
}



