@article{gaj2013zfn,
  title={ZFN, TALEN, and CRISPR/Cas-based methods for genome engineering},
  author={Gaj, Thomas and Gersbach, Charles A and Barbas III, Carlos F},
  journal={Trends in biotechnology},
  volume={31},
  number={7},
  pages={397--405},
  year={2013},
  publisher={Elsevier},
  doi={10.1016/j.tibtech.2013.04.004}
}

@article{doudna2014new,
  title={The new frontier of genome engineering with CRISPR-Cas9},
  author={Doudna, Jennifer A and Charpentier, Emmanuelle},
  journal={Science},
  volume={346},
  number={6213},
  pages={1258096},
  year={2014},
  publisher={American Association for the Advancement of Science}
}

@article{liu2019casx,
  title={CasX enzymes comprise a distinct family of RNA-guided genome editors},
  author={Liu, Jun-Jie and Orlova, Natalia and Oakes, Benjamin L and Ma, Enbo and Spinner, Hannah B and Baney, Katherine LM and Chuck, Jonathan and Tan, Dan and Knott, Gavin J and Harrington, Lucas B and others},
  journal={Nature},
  volume={566},
  number={7743},
  pages={218--223},
  year={2019},
  publisher={Nature Publishing Group UK London}
}

@article{hsu2014development,
  title={Development and applications of CRISPR-Cas9 for genome engineering},
  author={Hsu, Patrick D and Lander, Eric S and Zhang, Feng},
  journal={Cell},
  volume={157},
  number={6},
  pages={1262--1278},
  year={2014},
  publisher={Elsevier}
}